@inproceedings{rapp1999automatic,
  title={Automatic identification of word translations from unrelated English and German corpora},
  author={Rapp, R.},
  booktitle={Proceedings of the 37th annual meeting of the Association for Computational Linguistics on Computational Linguistics},
  pages={519--526},
  year={1999},
  organization={Association for Computational Linguistics}
}
@inproceedings{rapp1995identifying,
  title={Identifying word translations in non-parallel texts},
  author={Rapp, R.},
  booktitle={Proceedings of the 33rd annual meeting on Association for Computational Linguistics},
  pages={320--322},
  year={1995},
  organization={Association for Computational Linguistics}
}